<record><leader>00000cas a22000007a 4500</leader><controlfield tag="001">13023433</controlfield><controlfield tag="008">860115d196u1968alucr ne      0    0eng d</controlfield><datafield ind1=" " ind2=" " tag="010"><subfield code="a">sn 86050002 </subfield></datafield><datafield ind1=" " ind2=" " tag="040"><subfield code="a">AAR</subfield><subfield code="b">eng</subfield><subfield code="c">AAR</subfield><subfield code="d">CPN</subfield><subfield code="d">OCLCQ</subfield><subfield code="d">CRL</subfield></datafield><datafield ind1=" " ind2=" " tag="042"><subfield code="a">msc</subfield></datafield><datafield ind1="0" ind2="0" tag="245"><subfield code="a">Athens LC news leader.</subfield></datafield><datafield ind1=" " ind2=" " tag="260"><subfield code="a">Athens, Ala. :</subfield><subfield code="b">Limestone Pub. Co.</subfield></datafield><datafield ind1=" " ind2=" " tag="300"><subfield code="a">v. :</subfield><subfield code="b">ill. ;</subfield><subfield code="c">57 cm.</subfield></datafield><datafield ind1=" " ind2=" " tag="310"><subfield code="a">Semiweekly,</subfield><subfield code="b">&lt;July 3, 1967-Oct. 3, 1968&gt;</subfield></datafield><datafield ind1=" " ind2=" " tag="321"><subfield code="a">Weekly,</subfield><subfield code="b">&lt;-June 29, 1967&gt;</subfield></datafield><datafield ind1="0" ind2=" " tag="362"><subfield code="a">-v. 89, no. 3 (Oct. 3, 1968).</subfield></datafield><datafield ind1=" " ind2=" " tag="588"><subfield code="a">Description based on: Vol. 1, no. 37 (July 21, 1966).</subfield></datafield><datafield ind1=" " ind2=" " tag="752"><subfield code="a">United States</subfield><subfield code="b">Alabama</subfield><subfield code="c">Limestone</subfield><subfield code="d">Athens.</subfield></datafield><datafield ind1="0" ind2="5" tag="780"><subfield code="t">Limestone democrat</subfield><subfield code="w">(DLC)sn 86050001</subfield></datafield><datafield ind1="0" ind2="7" tag="785"><subfield code="t">Alabama courier (Athens, Ala.)</subfield><subfield code="w">(DLC)sn 86050000</subfield></datafield><datafield ind1="0" ind2="7" tag="785"><subfield code="t">Athens LC news courier</subfield><subfield code="w">(DLC)sn 83004242</subfield></datafield><datafield ind1="1" ind2=" " tag="029"><subfield code="a">AU@</subfield><subfield code="b">000025836748</subfield></datafield></record>